%% http://www.cslab.pepperdine.edu/warford/cosc330/

@BOOK{Warford,
	author = {Stanley J. Warford},
	title = {Computer Systems},
	year = {2010},
	publisher = {Jones and Bartlett},
	place = {Sudbury, Massachusetts, USA},
	isbn = { 0-7637-7144-9}
}

@BOOK{BryantHallaron,
	author = {Randal E. Bryant  and David R. O'Hallaron},
	title = {Computer Systems:  A Programmer's Perspective},
	year = {2014},
	publisher = {Pearson},
	place = {Edinburgh Gate, Harlow, Essex CM20 2JE},
	isbn = {978-1-292-02584-1}
}

@BOOK{EnglanderBook,
	author = {Irv Englander},
	title = {The Architecture of COMPUTER HARDWARE, SYSTEMS SOFTWARE AND NETWORKING
	An Information Technology Approach},
	year = {2010},
	publisher = {John Wiley \& Sons, Inc. },
	edition = {Fourth},
	place = {Lawrence, Kansas, USA},
	isbn = {978-0-470-40028-9}
}

@online{EnglanderSite,
	author = {Irv Englander},
	title = {The Architecture of COMPUTER HARDWARE, SYSTEMS SOFTWARE AND NETWORKING
	An Information Technology Approach},
	year = {2010},
	note = {\url{http://www.wiley.com/go/global/englander}}
}

@online{MaxfieldSite,
	author = {Clive "Max" Maxfield},
	title = {{DIY Calculator}},
	year = {2003},
	note = {\url{http://diycalculator.com/}}
}


@BOOK{MaxfieldBook,
	author = {Clive "Max" Maxfield},
	title = {How Computers Do Math },
	year = {2005},
	publisher = {John Wiley \& Sons, Inc. },
	isbn = {0471732788}
}

@BOOK{MaxfieldDataBook,
	author = {Clive "Max" Maxfield and Alvin Brown},
	title = {The Official DIY Calculator Data Book},
	year = {2005},
	publisher = {John Wiley \& Sons, Inc. },
	isbn = {0471732788}
}

@online{BeginningLinux,
	author = {Neil Matthew and Richard Stones},
	title = {{Beginning Linux Programming}},
	year = {2008},
	publisher = {Wrox Press Ltd },
	note = {\url{http://longfiles.com/fzi3sbsh0lhu/LinuxProgr4th147627.pdf.html}},
	isbn = {978-0-470-14762-7}
}
